@inproceedings{mapper,
  author    = {Gurjeet Singh and
               Facundo M{\'{e}}moli and
               Gunnar E. Carlsson},
  editor    = {Mario Botsch and
               Renato Pajarola and
               Baoquan Chen and
               Matthias Zwicker},
  title     = {Topological Methods for the Analysis of High Dimensional Data Sets
               and 3D Object Recognition},
  booktitle = {4th Symposium on Point Based Graphics, PBG@Eurographics 2007, Prague,
               Czech Republic, September 2-3, 2007},
  pages     = {91--100},
  publisher = {Eurographics Association},
  year      = {2007},
  url       = {https://doi.org/10.2312/SPBG/SPBG07/091-100},
  doi       = {10.2312/SPBG/SPBG07/091-100},
  timestamp = {Wed, 15 Jul 2020 16:21:06 +0200},
  biburl    = {https://dblp.org/rec/conf/spbg/SinghMC07.bib},
  bibsource = {dblp computer science bibliography, https://dblp.org}
}
